\begin{thebibliography}{}
@article{pythontex-paper,
  title={PythonTeX: reproducible documents with LaTeX, Python, and more},
  author={Geoffrey M Poore},
  year={2015},
  month={Juli},
  doi={10.1088/1749-4699/8/1/014010},
  journal={Computational Science \& Discovery}
}

@online{paperswithoutcode,
  author={Anonym},
  title={Papers Without Code},
  year={2021},
  url={https://www.paperswithoutcode.com/},
}

@inbook{StateofReproducible,
  author={Fonseca, Jorge and Taghva, Kazem},
  year={2020},
  month={01},
  pages={519-524},
  title={The State of Reproducible Research in Computer Science},
  isbn={978-3-030-43019-1},
  doi={10.1007/978-3-030-43020-7_68}
}


@techreport{reproducible-study,
  title={Repeatability and Benefaction in Computer Systems Research},
  author={Christian Collberg, Todd Proebsting, Alex M Warren},
  year={2015},
  institution={University of Arizona},
}
\end{thebibliography}
